
%Entries
 @Comment NFL Big Data Bowl 2024. Kaggle. https://kaggle.com/competitions/nfl-big-data-bowl-2024
@online{nflkaggle,
  author =  "Michael Lopez and Thompson Bliss and Ally Blake and Andrew Patton and Jonathan McWilliams and Addison Howard and Will Cukierski",
  organization = "Kaggle",
  title = {NFL Big Data Bowl},
  year = 2023,
  url =    {https://www.kaggle.com/competitions/nfl-big-data-bowl-2024/},
  lastaccessed = {Sep 27, 2024}
  }

@online{nextgenstats,
  title =  {Next Gen Stats},
  year = 2024,
  url =    {https://nextgenstats.nfl.com/glossary},
  organization = "NFL",
  lastaccessed = {Sep 27, 2024}
  }
