
% Entries - Sources Cited

@online{nflkaggle,
  author =  {Michael Lopez and Thompson Bliss and Ally Blake and Andrew Patton and Jonathan McWilliams and Addison Howard and Will Cukierski},
  organization = {Kaggle},
  title = {NFL Big Data Bowl},
  year = {2023},
  url =    {https://www.kaggle.com/competitions/nfl-big-data-bowl-2024/},
  lastaccessed = {Sep 27, 2024}
}

@online{nextgenstats,
  title =  {Next Gen Stats},
  year = {2024},
  url =    {https://nextgenstats.nfl.com/glossary},
  organization = {NFL},
  lastaccessed = {Sep 27, 2024}
}

@article{validatingtackles,
  author = {Arthur Maerlender and Caitlin J. Masterson and Rex Norris and Adam Hinthorne},
  journal = {Annals of Biomedical Engineering},
  number = {1},
  title = {Validating Tackle Mechanics in American Football: Improving Safety and Performance},
  volume = {48},
  year = {2020},
  pages = {2691--2700}
}

@article{effectiveness,
  author = {Hirokazu Matsuo and Yukio Yamada and Katsuyuki Masuchi and Tsuyoshi Matsumoto},
  journal = {International Journal of Sport and Health Science},
  number = {1},
  title = {Effectiveness of the Heads Up Tackling (HUT) Program on Tackling Safety and Performance in American Football},
  volume = {16},
  year = {2018},
  pages = {77--88}
}

@article{quantitative,
  author = {Ron Jadischke and Jessica Zendler and Erik Lovis and Andrew Elliott and Grant C. Goulet},
  journal = {BMJ Open Sport \& Exercise Medicine},
  number = {1},
  title = {Quantitative and qualitative analysis of head and body impacts in American 7v7 non-tackle football},
  volume = {6},
  year = {2020}
}

@online{mediummetrics,
  author = {Ezra Ford},
  organization = {Medium},
  title = {Tackling Metrics with Big Data},
  year = {2023},
  url = {https://medium.com/@ezra.ford/tackling-metrics-with-big-data-0812b5ab65f0/},
  lastaccessed = {Sep 27, 2024}
}